<?xml version="1.0" encoding="UTF-8"?><record xmlns="http://www.loc.gov/MARC21/slim" xmlns:cinclude="http://apache.org/cocoon/include/1.0" xmlns:zs="http://www.loc.gov/zing/srw/">
  <leader>00786nz  a2200169n  4500</leader>
  <controlfield tag="001">no2002114963</controlfield>
  <controlfield tag="003">DLC</controlfield>
  <controlfield tag="005">20021220071036.0</controlfield>
  <controlfield tag="008">021219n| acannaabn          |a aaa     c</controlfield>
  <datafield tag="010" ind1=" " ind2=" ">
    <subfield code="a">no2002114963</subfield>
  </datafield>
  <datafield tag="035" ind1=" " ind2=" ">
    <subfield code="a">(OCoLC)oca05937048</subfield>
  </datafield>
  <datafield tag="040" ind1=" " ind2=" ">
    <subfield code="a">MoSW-Mu</subfield>
    <subfield code="b">eng</subfield>
    <subfield code="c">MoSW-Mu</subfield>
  </datafield>
  <datafield tag="100" ind1="1" ind2=" ">
    <subfield code="a">Cornelius, Peter,</subfield>
    <subfield code="d">1824-1874.</subfield>
    <subfield code="t">Lieder,</subfield>
    <subfield code="m">soprano, baritone, piano,</subfield>
    <subfield code="n">op. 6.</subfield>
    <subfield code="p">Beste Liebesbrief</subfield>
  </datafield>
  <datafield tag="400" ind1="1" ind2=" ">
    <subfield code="a">Cornelius, Peter,</subfield>
    <subfield code="d">1824-1874.</subfield>
    <subfield code="t">Beste Liebesbrief</subfield>
  </datafield>
  <datafield tag="400" ind1="1" ind2=" ">
    <subfield code="a">Cornelius, Peter,</subfield>
    <subfield code="d">1824-1874.</subfield>
    <subfield code="t">Best kind of love-letter</subfield>
  </datafield>
  <datafield tag="670" ind1=" " ind2=" ">
    <subfield code="a">An evening of duets [SR] 1971:</subfield>
    <subfield code="b">container (Der beste Liebesbrief : op. 6, no. 2 / Cornelius) insert (The best kind of love-letter)</subfield>
  </datafield>
  <datafield tag="670" ind1=" " ind2=" ">
    <subfield code="a">Grovemusic.com WWW site, Dec. 19, 2002</subfield>
    <subfield code="b">(3 zweistimmige Lieder, S, Bar, pf, op. 6, 1861-2. 2, Der beste Liebesbrief (Hebbel))</subfield>
  </datafield>
</record>